<record><leader>00000cas a2200000 a 4500</leader><controlfield tag="001">15038170</controlfield><controlfield tag="008">870106d18991919akuwr ne      0    0eng  </controlfield><datafield ind1=" " ind2=" " tag="010"><subfield code="a">sn 87062008 </subfield></datafield><datafield ind1=" " ind2=" " tag="040"><subfield code="a">DLC</subfield><subfield code="b">eng</subfield><subfield code="c">DLC</subfield><subfield code="d">SLZ</subfield><subfield code="d">ANE</subfield><subfield code="d">DLC</subfield><subfield code="d">OCLCQ</subfield><subfield code="d">DLC</subfield><subfield code="d">OCLCO</subfield><subfield code="d">OCLCQ</subfield><subfield code="d">OCLCF</subfield></datafield><datafield ind1="1" ind2=" " tag="029"><subfield code="a">AU@</subfield><subfield code="b">000022765221</subfield></datafield><datafield ind1=" " ind2=" " tag="042"><subfield code="a">pcc</subfield></datafield><datafield ind1=" " ind2=" " tag="043"><subfield code="a">n-us-ak</subfield></datafield><datafield ind1="0" ind2="0" tag="050"><subfield code="a">Newspaper</subfield></datafield><datafield ind1="0" ind2="0" tag="245"><subfield code="a">Daily Alaska dispatch.</subfield></datafield><datafield ind1="1" ind2=" " tag="246"><subfield code="i">Issues for Sunday Apr. 6, 1901-July 11, 1903 published as:</subfield><subfield code="a">Sunday Alaska dispatch</subfield></datafield><datafield ind1="1" ind2=" " tag="246"><subfield code="i">Issues for Sunday Aug. 5, 1906-Oct. 27, 1906 published as:</subfield><subfield code="a">Sunday Alaskan</subfield></datafield><datafield ind1="1" ind2=" " tag="246"><subfield code="i">Issues for Sunday Nov. 10, 1906-Dec. 8, 1906 published as:</subfield><subfield code="a">Juneau Sunday Alaskan</subfield></datafield><datafield ind1="3" ind2="0" tag="246"><subfield code="a">Daily dispatch</subfield></datafield><datafield ind1="3" ind2="0" tag="246"><subfield code="a">Alaska dispatch</subfield></datafield><datafield ind1="3" ind2="0" tag="246"><subfield code="a">Dispatch</subfield></datafield><datafield ind1=" " ind2=" " tag="260"><subfield code="a">Juneau, Alaska :</subfield><subfield code="b">E.C. Russell, Jr.,</subfield><subfield code="c">-1919.</subfield></datafield><datafield ind1=" " ind2=" " tag="300"><subfield code="a">v.</subfield></datafield><datafield ind1=" " ind2=" " tag="310"><subfield code="a">Weekly,</subfield><subfield code="b">May 4, 1919-Sept. 29, 1919</subfield></datafield><datafield ind1=" " ind2=" " tag="321"><subfield code="a">Daily, &lt;July 29,</subfield><subfield code="b">1899-&gt;</subfield></datafield><datafield ind1="0" ind2=" " tag="362"><subfield code="a">-v. 21, no. 40 (Sept. 29, 1919).</subfield></datafield><datafield ind1="1" ind2=" " tag="362"><subfield code="a">Began Mar. 1, 1899.</subfield></datafield><datafield ind1=" " ind2=" " tag="500"><subfield code="a">Published on Sunday as weekly, May 4, 1919-Sept. 29, 1919, but title remains the same.</subfield></datafield><datafield ind1=" " ind2=" " tag="530"><subfield code="a">Available on microfilm from the Library of Congress, Photoduplication Service.</subfield></datafield><datafield ind1=" " ind2=" " tag="588"><subfield code="a">Description based on: Vol. 3, no. 2 (July 29, 1899).</subfield></datafield><datafield ind1=" " ind2="0" tag="651"><subfield code="a">Juneau (Alaska)</subfield><subfield code="v">Newspapers.</subfield></datafield><datafield ind1=" " ind2="7" tag="655"><subfield code="a">Newspapers.</subfield><subfield code="2">fast</subfield><subfield code="0">(OCoLC)fst01423814</subfield></datafield><datafield ind1=" " ind2="7" tag="651"><subfield code="a">Alaska</subfield><subfield code="z">Juneau.</subfield><subfield code="2">fast</subfield><subfield code="0">(OCoLC)fst01213587</subfield></datafield><datafield ind1=" " ind2=" " tag="752"><subfield code="a">United States</subfield><subfield code="b">Alaska</subfield><subfield code="d">Juneau.</subfield></datafield><datafield ind1="0" ind2=" " tag="775"><subfield code="t">Weekly Alaska dispatch</subfield><subfield code="w">(DLC)sn 94050011</subfield><subfield code="w">(OCoLC)29833919</subfield></datafield><datafield ind1="0" ind2="0" tag="785"><subfield code="t">Alaska dispatch</subfield><subfield code="w">(DLC)sn 86071997</subfield><subfield code="w">(OCoLC)14288310</subfield></datafield></record>